@InProceedings{abbasi-yadkori2016,
  title = 	 {{Hit-and-Run for Sampling and Planning in Non-Convex Spaces}},
  author = {Yasin Abbasi-Yadkori and Peter Bartlett and Victor Gabillon and Alan Malek},
  booktitle = 	{Proceedings of the 20th International Conference on Artificial Intelligence and Statistics},
  pages ={888--895},
  year = 	 {2017}
}, 

@article{vempala2005,
  title={Geometric random walks: a survey},
  author={Vempala, Santosh},
  journal = {Combinatorial and computational geometry},
  volume = {52},
  number = {2},
  year = {2005}
},

@article{abbasi-yadkori2016a,
  title={Fast Mixing Random Walks and Regularity of Incompressible Vector Fields},
  author={Abbasi-Yadkori, Yasin},
  journal={arXiv preprint arXiv:1611.09252},
  year={2016}
},

@article{dyer1991,
  title={A random polynomial-time algorithm for approximating the volume of convex bodies},
  author={Dyer, Martin and Frieze, Alan and Kannan, Ravi},
  journal={Journal of the ACM (JACM)},
  volume={38},
  number={1},
  pages={1--17},
  year={1991}
},

@incollection{wu2012,
title = {Learning with Partially Absorbing Random Walks},
author = {{Xiao-Ming} Wu and Li, Zhenguo and Anthony M. So and Wright, John and Shih-fu Chang},
booktitle = {Advances in Neural Information Processing Systems 25},
pages = {3077--3085},
year = {2012},
publisher = {Curran Associates, Inc.}
},

@inproceedings{gleich2012,
title={Vertex neighborhoods, low conductance cuts, and good seeds for local community methods},
author={Gleich, David F and Seshadhri, C},
booktitle={Proceedings of the 18th ACM SIGKDD international conference on Knowledge discovery and data mining},
pages={597--605},
year={2012},
organization={ACM}
},

@inproceedings{andersen2012,
title={Overlapping clusters for distributed computation},
author={Andersen, Reid and Gleich, David F and Mirrokni, Vahab},
booktitle={Proceedings of the fifth ACM international conference on Web search and data mining},
pages={273--282},
year={2012},
organization={ACM}
},

@article{ting2011,
title={An analysis of the convergence of graph Laplacians},
author={Ting, Daniel and Huang, Ling and Jordan, Michael},
journal={arXiv preprint arXiv:1101.5435},
year={2011}
},

@incollection{mikhail2007,
title = {Convergence of Laplacian Eigenmaps},
author = {Belkin, Mikhail and Partha Niyogi},
booktitle = {Advances in Neural Information Processing Systems 19},
editor = {B. Sch\"{o}lkopf and J. C. Platt and T. Hoffman},
pages = {129--136},
year = {2007},
publisher = {MIT Press},
url = {http://papers.nips.cc/paper/2989-convergence-of-laplacian-eigenmaps.pdf}
},

@article{coiffman2006,
title = {Diffusion maps},
journal = {Applied and Computational Harmonic Analysis},
volume = {21},
number = {1},
pages = {5-3},
year = {2006},
note = {Special Issue: Diffusion Maps and Wavelets},
author = {Ronald R. Coifman and Stephane Lafon}
},

@inproceedings{andersen2009,
author = {Andersen, Reid and Peres, Yuval},
title = {Finding Sparse Cuts Locally Using Evolving Sets},
booktitle = {Proceedings of the Forty-first Annual ACM Symposium on Theory of Computing},
series = {STOC '09},
year = {2009},
location = {Bethesda, MD, USA},
pages = {235--244},
numpages = {10},
acmid = {1536449},
publisher = {ACM},
address = {New York, NY, USA}
} ,

@inproceedings{gharan2012,
title={Approximating the expansion profile and almost optimal local graph clustering},
author={Gharan, Shayan Oveis and Trevisan, Luca},
booktitle={Proceedings of the 2012 IEEE 53rd Annual Symposium on Foundations of Computer Science (FOCS)},
pages={187--196},
year={2012},
organization={IEEE}
},

@article{steinwart2015,
	Author = {Steinwart, Ingo},
	Journal = {Ann. Statist.},
	Month = {10},
	Number = {5},
	Pages = {2132--2167},
	Title = {Fully adaptive density-based clustering},
	Volume = {43},
	Year = {2015}
},

@article{vempala2004,
	Author = {Santosh Vempala and Grant Wang},
	Date-Added = {2018-10-04 13:46:51 -0400},
	Date-Modified = {2018-10-04 13:47:01 -0400},
	Journal = {Journal of Computer and System Sciences},
	Number = {4},
	Pages = {841 - 860},
	Title = {A spectral algorithm for learning mixture models},
	Volume = {68},
	Year = {2004}
},

@inproceedings{hein2005,
	Author = {Hein, Matthias and Audibert, Jean-Yves and von Luxburg, Ulrike},
	Booktitle = {Learning Theory},
	Date-Added = {2018-10-04 13:37:39 -0400},
	Date-Modified = {2018-10-04 13:37:51 -0400},
	Title = {From Graphs to Manifolds -- Weak and Strong Pointwise Consistency of Graph Laplacians},
	Year = {2005}
},

@article{hartigan1981,
	Author = {John A. Hartigan},
	Date-Added = {2018-10-04 13:33:51 -0400},
	Date-Modified = {2018-10-04 13:34:50 -0400},
	Journal = {Journal of the American Statistical Association},
	Title = {Consistency of Single-Linkage for High-Density Clusters},
	Year = {1981}
},

@incollection{balakrishnan2011,
	Author = {Balakrishnan, Sivaraman and Xu, Min and Krishnamurthy, Akshay and Singh, Aarti},
	Booktitle = {Advances in Neural Information Processing Systems 24},
	Date-Added = {2018-10-04 13:12:58 -0400},
	Date-Modified = {2018-10-04 13:13:07 -0400},
	Publisher = {Curran Associates, Inc.},
	Title = {Noise Thresholds for Spectral Clustering},
	Year = {2011}
},

@inproceedings{kamalika2012,
	Author = {Chaudhuri, Kamalika and Graham, Fan Chung and Tsiatas, Alexander},
	Booktitle = {COLT},
	Date-Added = {2018-10-04 13:12:04 -0400},
	Date-Modified = {2018-10-04 13:12:20 -0400},
	Pages = {35.1-35.23},
	Title = {Spectral Clustering of Graphs with General Degrees in the Extended Planted Partition Model.},
	Volume = 23,
	Year = {2012}
},

@article{abbe2018,
	Author = {Emmanuel Abbe},
	Date-Added = {2018-10-04 13:10:49 -0400},
	Date-Modified = {2018-10-04 13:10:58 -0400},
	Journal = {Foundations and Trends{\textregistered} in Communications and Information Theory},
	Number = {1-2},
	Pages = {1-162},
	Title = {Community Detection and Stochastic Block Models},
	Volume = {14},
	Year = {2018}
},

@inproceedings{mcsherry2001,
	Author = {McSherry, Frank},
	Booktitle = {Proceedings of the 42nd IEEE Symposium on Foundations of Computer Science (FOCS)},
	Pages = {529-537},
	Title = {Spectral Partitioning of Random Graphs},
	Year = {2001}
},

@article{luxburg2007,
	Author = {von Luxburg, Ulrike},
	Date-Added = {2018-10-04 13:05:44 -0400},
	Date-Modified = {2018-10-04 13:06:42 -0400},
	Journal = {Statistics and Computing},
	Month = dec,
	Number = {4},
	Pages = {395--416},
	Title = {A Tutorial on Spectral Clustering},
	Volume = {17},
	Year = {2007}
},

@inproceedings{tolliver2006,
	Author = {David Tolliver and Gary L. Miller},
	Booktitle = {Computer Vision and Pattern Recognition,CVPR},
	Date-Added = {2018-10-04 13:04:11 -0400},
	Date-Modified = {2018-10-04 13:04:19 -0400},
	Pages = {1053-1060},
	Title = {Graph Partitioning by Spectral Rounding: Applications in Image Segmentation and Clustering},
	Volume = {1},
	Year = {2006}
},

@article{donath1973,
	Author = {Donath, W. E. and Hoffman, A. J.},
	Date-Added = {2018-10-04 13:02:32 -0400},
	Date-Modified = {2018-10-04 13:02:46 -0400},
	Journal = {IBM J. Res. Dev.},
	Month = sep,
	Number = {5},
	Pages = {420--425},
	Title = {Lower Bounds for the Partitioning of Graphs},
	Volume = {17},
	Year = {1973}
},

@article{fiedler1973,
	Author = {Fiedler, Miroslav},
	Date-Added = {2018-10-04 13:01:42 -0400},
	Date-Modified = {2018-10-04 13:01:54 -0400},
	Journal = {Czechoslovak Mathematical Journal},
	Number = {2},
	Pages = {298-305},
	Title = {Algebraic connectivity of graphs},
	Volume = {23},
	Year = {1973}
},

@inproceedings{leskovec2010,
	Author = {Leskovec, Jure and Lang, Kevin J. and Mahoney, Michael},
	Booktitle = {Proceedings of the 19th International Conference on World Wide Web},
	Date-Added = {2018-10-04 12:41:12 -0400},
	Date-Modified = {2018-10-04 12:41:26 -0400},
	Title = {Empirical Comparison of Algorithms for Network Community Detection},
	Year = {2010}
},

@inproceedings{andersen2006,
	Author = {Andersen, Reid and Chung, Fan and Lang, Kevin},
	Booktitle = {Proceedings of the 47th Annual IEEE Symposium on Foundations of Computer Science (FOCS)},
	Pages = {475--486},
	Title = {Local Graph Partitioning Using PageRank Vectors},
	Year = {2006}
},

@article{mahoney2012,
	Author = {Michael W. Mahoney and Lorenzo Orecchia and Nisheeth K. Vishnoi},
	Date-Added = {2018-10-04 11:21:45 -0400},
	Date-Modified = {2018-10-04 11:21:52 -0400},
	Journal = {Journal of Machine Learning Research},
	Pages = {2339--2365},
	Title = {A local spectral method for graphs: with applications to improving graph partitions and exploring data graphs locally},
	Volume = {13},
	Year = {2012}
},

@article{koltchinskii2000,
	Author = {Koltchinskii, Vladimir and Gine, Evarist},
	Fjournal = {Bernoulli},
	Journal = {Bernoulli},
	Month = {02},
	Number = {1},
	Pages = {113--167},
	Publisher = {Bernoulli Society for Mathematical Statistics and Probability},
	Title = {Random matrix approximation of spectra of integral operators},
	Volume = {6},
	Year = {2000}
},

@article{vonluxburg2008,
	Author = {von Luxburg, Ulrike and Belkin, Mikhail and Bousquet, Olivier},
	Fjournal = {The Annals of Statistics},
	Journal = {Ann. Statist.},
	Month = {04},
	Number = {2},
	Pages = {555--586},
	Publisher = {The Institute of Mathematical Statistics},
	Title = {Consistency of spectral clustering},
	Volume = {36},
	Year = {2008}
},

@article{rohe2011,
	Author = {Rohe, Karl and Chatterjee, Sourav and Yu, Bin},
	Fjournal = {The Annals of Statistics},
	Journal = {Ann. Statist.},
	Month = {08},
	Number = {4},
	Pages = {1878--1915},
	Publisher = {The Institute of Mathematical Statistics},
	Title = {Spectral clustering and the high-dimensional stochastic blockmodel},
	Volume = {39},
	Year = {2011}
},

@article{lei2015,
	Author = {Lei, Jing and Rinaldo, Alessandro},
	Fjournal = {The Annals of Statistics},
	Journal = {Ann. Statist.},
	Month = {02},
	Number = {1},
	Pages = {215--237},
	Publisher = {The Institute of Mathematical Statistics},
	Title = {Consistency of spectral clustering in stochastic block models},
	Volume = {43},
	Year = {2015}
},

@article{shi2009,
	Author = {Shi, Tao and Belkin, Mikhail and Yu, Bin},
	Fjournal = {The Annals of Statistics},
	Journal = {Ann. Statist.},
	Month = {12},
	Number = {6B},
	Pages = {3960--3984},
	Publisher = {The Institute of Mathematical Statistics},
	Title = {Data spectroscopy: Eigenspaces of convolution operators and clustering},
	Volume = {37},
	Year = {2009}
},

@article{schiebinger2015,
	Author = {Schiebinger, Geoffrey and Wainwright, Martin J. and Yu, Bin},
	Fjournal = {The Annals of Statistics},
	Journal = {Ann. Statist.},
	Month = {04},
	Number = {2},
	Pages = {819--846},
	Publisher = {The Institute of Mathematical Statistics},
	Title = {The geometry of kernelized spectral clustering},
	Volume = {43},
	Year = {2015}
},

@article{singh2009,
	Author = {Singh, Aarti and Scott, Clayton and Nowak, Robert},
	Fjournal = {The Annals of Statistics},
	Journal = {Ann. Statist.},
	Month = {10},
	Number = {5B},
	Pages = {2760--2782},
	Publisher = {The Institute of Mathematical Statistics},
	Title = {Adaptive Hausdorff estimation of density level sets},
	Volume = {37},
	Year = {2009}
},

@article{spielman2013,
	Author = {Spielman, Daniel A and Teng, Shang-Hua},
	Journal = {SIAM Journal on Computing},
	Number = {1},
	Pages = {1--26},
	Publisher = {SIAM},
	Title = {A local clustering algorithm for massive graphs and its application to nearly linear time graph partitioning},
	Volume = {42},
	Year = {2013}
},

@inproceedings{zhu2013,
	Author = {Allen-Zhu, Zeyuan and Lattanzi, Silvio and Mirrokni, Vahab S},
	Booktitle = {Proceedings of the 30th International Conference on International Conference on Machine Learning},
	Pages = {396--404},
	Title = {A Local Algorithm for Finding Well-Connected Clusters.},
	Year = {2013}
},

@article{haveliwala2003,
	Author = {Haveliwala, Taher H},
	Journal = {IEEE transactions on knowledge and data engineering},
	Number = {4},
	Pages = {784--796},
	Publisher = {IEEE},
	Title = {Topic-sensitive pagerank: A context-sensitive ranking algorithm for web search},
	Volume = {15},
	Year = {2003}
},

@article{spielman2011,
	Author = {Spielman, Daniel A and Teng, Shang-Hua},
	Journal = {SIAM Journal on Computing},
	Number = {4},
	Pages = {981--1025},
	Publisher = {SIAM},
	Title = {Spectral sparsification of graphs},
	Volume = {40},
	Year = {2011}
},

@article{spielman2014,
	Author = {Spielman, Daniel A and Teng, Shang-Hua},
	Journal = {SIAM Journal on Matrix Analysis and Applications},
	Number = {3},
	Pages = {835--885},
	Publisher = {SIAM},
	Title = {Nearly linear time algorithms for preconditioning and solving symmetric, diagonally dominant linear systems},
	Volume = {35},
	Year = {2014}
},

@incollection{chaudhuri2010,
	Author = {Chaudhuri, Kamalika and Dasgupta, Sanjoy},
	Booktitle = {Advances in Neural Information Processing Systems 23},
	Pages = {343--351},
	Publisher = {Curran Associates, Inc.},
	Title = {Rates of convergence for the cluster tree},
	Year = {2010}
},

@article{vonluxburg2014,
	Author = {Ulrike von Luxburg and Agnes Radl and Matthias Hein},
	Journal = {Journal of Machine Learning Research},
	Pages = {1751-1798},
	Title = {Hitting and Commute Times in Large Random Neighborhood Graphs},
	Volume = {15},
	Year = {2014}
},

@inproceedings{lovasz1999,
	Acmid = {301317},
	Address = {New York, NY, USA},
	Author = {Lov\'{a}sz, L\'{a}szl\'{o} and Kannan, Ravi},
	Booktitle = {Proceedings of the Thirty-first Annual ACM Symposium on Theory of Computing},
	Isbn = {1-58113-067-8},
	Location = {Atlanta, Georgia, USA},
	Numpages = {6},
	Pages = {282--287},
	Publisher = {ACM},
	Series = {STOC '99},
	Title = {Faster Mixing via Average Conductance},
	Year = {1999}
},

@article{montenegro2005,
	Author = {Montenegro, Ravi},
	Journal = {Random Structures \& Algorithms},
	Number = {1-2},
	Pages = {52--68},
	Publisher = {Wiley Online Library},
	Title = {Vertex and edge expansion properties for rapid mixing},
	Volume = {26},
	Year = {2005}
},

@article{morris2005,
	Author = {Morris, Ben and Peres, Yuval},
	Journal = {Probability Theory and Related Fields},
	Number = {2},
	Pages = {245--266},
	Publisher = {Springer},
	Title = {Evolving sets, mixing and heat kernel bounds},
	Volume = {133},
	Year = {2005}
},

@article{benjamini2003,
author={Benjamini, Itai
and Mossel, Elchanan},
title={On the mixing time of a simple random walk on the super critical percolation cluster},
journal={Probability Theory and Related Fields},
year={2003},
month={Mar},
day={01},
volume={125},
number={3},
pages={408--420},
issn={1432-2064}
}, 

@article{kannan04,
 author = {Kannan, Ravi and Vempala, Santosh and Vetta, Adrian},
 title = {On Clusterings: Good, Bad and Spectral},
 journal = {Journal of the ACM (JACM)},
 issue_date = {May 2004},
 volume = {51},
 number = {3},
 month = may,
 year = {2004},
 pages = {497--515},
 numpages = {19},
 acmid = {990313},
 publisher = {ACM},
 address = {New York, NY, USA},
 keywords = {Clustering, graph algorithms, spectral methods},
},

@article{garciatrillos18,
title = {A variational approach to the consistency of spectral clustering},
journal = {Applied and Computational Harmonic Analysis},
volume = {45},
number = {2},
pages = {239-281},
year = {2018},
author = {Garc\'{\i}a Trillos, Nicol\'{a}s  and Slep\v{c}ev, Dejan}
},

@inproceedings{balakrishnan2013,
 author = {Balakrishnan, Sivaraman and Narayanan, Srivatsan and Rinaldo, Alessandro and Singh, Aarti and Wasserman, Larry},
 title = {Cluster Trees on Manifolds},
 booktitle = {Advances in Neural Information Processing Systems 26},
 year = {2013},
 location = {Lake Tahoe, Nevada},
 pages = {2679--2687},
 publisher = {Curran Associates, Inc.},
 numpages = {9},
 address = {USA},
}, 

@Article{yang2015,
author={Yang, Jaewon
and Leskovec, Jure},
title={Defining and evaluating network communities based on ground-truth},
journal={Knowledge and Information Systems},
year={2015},
month={Jan},
day={01},
volume={42},
number={1},
pages={181-213}
},

@article{fortunato2010,
title = {Community detection in graphs},
journal = {Physics Reports},
volume = {486},
number = {3},
pages = {75-174},
year = {2010},
author = {Santo Fortunato}
},

@article{garciatrillos16,
 author = {Garc\'{\i}a Trillos, Nicol\'{a}s  and Slep\v{c}ev, Dejan and Von Brecht, James and Laurent, Thomas and Bresson, Xavier},
 title = {Consistency of Cheeger and Ratio Graph Cuts},
 journal = {Journal of Machine Learning Research},
 volume = {17},
 number = {1},
 year = {2016},
 pages = {6268--6313},
 numpages = {46}
},

@article{arias-castro12,
author = {Arias-Castro Ery and Pelletier, Bruno and Pudlo, Pierre},
journal = {Advances in Applied Probability},
month = {12},
number = {4},
pages = {907--937},
publisher = {Applied Probability Trust},
title = {The normalized graph cut and Cheeger constant: from discrete to continuous},
volume = {44},
year = {2012}
},

@article{maier11,
  title={How the result of graph clustering methods depends on the construction of the graph},
  author={Markus Maier and Ulrike von Luxburg and Matthias Hein},
  journal={CoRR},
  year={2011},
  volume={abs/1102.2075}
},

@article{jerrum89,
  title={Approximating the permanent},
  author={Jerrum, Mark and Sinclair, Alistair},
  journal={SIAM journal on computing},
  volume={18},
  number={6},
  pages={1149--1178},
  year={1989},
  publisher={SIAM}
},

@inproceedings{abbasi17,
  title={Hit-and-Run for Sampling and Planning in Non-Convex Spaces},
  author={Abbasi-Yadkori, Yasin and Bartlett, Peter and Gabillon, Victor and Malek, Alan},
  booktitle={Artificial Intelligence and Statistics},
  pages={888--895},
  year={2017}
},

@article{alberti1998non,
  title={A non-local anisotropic model for phase transitions: asymptotic behaviour of rescaled energies},
  author={Alberti, Giovanni and Bellettini, Giovanni},
  journal={European Journal of Applied Mathematics},
  volume={9},
  number={3},
  pages={261--284},
  year={1998},
  publisher={Cambridge University Press}
},

@phdthesis{montenegro2002,
title = {Faster mixing by isoperimetric inequalities},
school = {Yale University},
author = {Montenegro, Ravi},
year = {2002}},

@inproceedings{lovasz1990,
  title={The mixing rate of Markov chains, an isoperimetric inequality, and computing the volume},
  author={Lov{\'a}sz, L{\'a}szl{\'o} and Simonovits, Mikl{\'o}s},
  booktitle={Proceedings of the 31st annual symposium on foundations of computer science (FOCS)},
  pages={346--354},
  year={1990},
  organization={IEEE}
}, 

@inproceedings{guattery1995,
  title={On the performance of spectral graph partitioning methods},
  author={Guattery, Stephen and Miller, Gary L},
  booktitle={SODA},
  volume={95},
  pages={233--242},
  year={1995}
},

@inproceedings{hein2010,
  title={An inverse power method for nonlinear eigenproblems with applications in 1-spectral clustering and sparse PCA},
  author={Hein, Matthias and B{\"u}hler, Thomas},
  booktitle={Advances in Neural Information Processing Systems 23},
  pages={847--855},
  year={2010}
},

@inproceedings{szlam2010,
 author = {Szlam, Arthur and Bresson, Xavier},
 title = {Total Variation and Cheeger Cuts},
 booktitle = {Proceedings of the 27th International Conference on International Conference on Machine Learning},
 series = {ICML'10},
 year = {2010},
 pages = {1039--1046},
 numpages = {8},
} 

@inproceedings{chandrasekaran2010,
 author = {Chandrasekaran, Karthekeyan and Dadush, Daniel and Vempala, Santosh},
 title = {Thin Partitions: Isoperimetric Inequalities and a Sampling Algorithm for Star Shaped Bodies},
 booktitle = {SODA},
 pages = {1630--1645},
year = {2010}
} ,

@book{korostelev1993,
  title={Minimax theory of image reconstruction},
  author={Korostelev, Aleksandr P. and Tsybakov, Alexandre B.},
  publisher={Springer},
  year={1993}
},

@article{polonik1995,
  title={Measuring mass concentrations and estimating density contour clusters-an excess mass approach},
  author={Polonik, Wolfgang},
  Fjournal={The Annals of Statistics},
  journal = {Ann. Statist.},
  volume={23},
  number={3},
  pages={855--881},
  year={1995}
},

@article{rigollet2009,
  title={Optimal rates for plug-in estimators of density level sets},
  author={Rigollet, Philippe and Vert, R{\'e}gis},
  journal={Bernoulli},
  volume={15},
  number={4},
  pages={1154--1178},
  year={2009}
},

@article{tsybakov1997,
  title={On nonparametric estimation of density level sets},
  author={Tsybakov, Alexandre B},
  Fjournal={The Annals of Statistics},
  Journal = {Ann. Statist.},
  volume={25},
  number={3},
  pages={948--969},
  year={1997}
}, 

@article{rosasco10,
  title={On learning with integral operators},
  author={Rosasco, Lorenzo and Belkin, Mikhail and Vito, Ernesto De},
  journal={Journal of Machine Learning Research},
  volume={11},
  number={Feb},
  pages={905--934},
  year={2010}
},

@incollection{belkin07,
  title={Convergence of Laplacian eigenmaps},
  author={Belkin, Mikhail and Niyogi, Partha},
  booktitle={Advances in Neural Information Processing Systems 19},
  pages={129--136},
  year={2007},
  publisher = {Curran Associates, Inc.}
},

@article{kannan97,
  title={Random walks and an o*(n5) volume algorithm for convex bodies},
  author={Kannan, Ravi and Lov{\'a}sz, L{\'a}szl{\'o} and Simonovits, Mikl{\'o}s},
  journal={Random Structures \& Algorithms},
  volume={11},
  number={1},
  pages={1--50},
  year={1997}
},

@article{kannan06,
  title={Blocking conductance and mixing in random walks},
  author={Kannan, Ravi and Lov{\'a}sz, L{\'a}szl{\'o} and Montenegro, Ravi},
  journal={Combinatorics, Probability and Computing},
  volume={15},
  number={4},
  pages={541--570},
  year={2006}
},

@article{shi00,
  title={Normalized Cuts and Image Segmentation},
  author={Shi, Jianbo and Malik, Jitendra},
  journal={IEEE Transactions on Pattern Analysis and Machine Intelligence},
  volume={22},
  number={8},
  year={2000}
},

@article{garciatrillos19,
  title={Geometric structure of graph Laplacian embeddings},
  author={Garc\'{\i}a Trillos, Nicolas and Hoffmann, Franca and Hosseini, Bamdad},
  journal={arXiv preprint arXiv:1901.10651},
  year={2019}
},

@article{clauset08,
  title={Hierarchical structure and the prediction of missing links in networks},
  author={Clauset, Aaron and Moore, Cristopher and Newman, MEJ},
  journal={Nature},
  volume={453},
  number={7191},
  pages={98--102},
  year={2008}
},

@article{li2018,
  title={Hierarchical community detection by recursive partitioning},
  author={Li, Tianxi and Lei, Lihua and Bhattacharyya, Sharmodeep and Sarkar, Purnamrita and Bickel, Peter J and Levina, Elizaveta},
  journal={arXiv preprint arXiv:1810.01509},
  year={2018}
},

@inproceedings{kpotufe11,
 author = {Kpotufe, Samory and von Luxburg, Ulrike},
 title = {Pruning Nearest Neighbor Cluster Trees},
 booktitle = {Proceedings of the 28th International Conference on International Conference on Machine Learning},
 series = {ICML'11},
 year = {2011},
 pages = {225--232},
 numpages = {8}
},

@article{garciatrillos16b,
  title={On the rate of convergence of empirical measures in infinity-transportation distance},
  author={Garc\'{\i}a Trillos, Nicolas and Slepcev, Dejan},
  journal={Canadian Journal of Mathematics},
  volume={67},
  number={6},
  pages={1358--1383},
  year={2015},
  publisher={Cambridge University Press}
},

@article{rinaldo2010,
author = "Rinaldo, Alessandro and Wasserman, Larry",
journal = "Ann. Statist.",
month = "10",
number = "5",
pages = "2678--2722",
publisher = "The Institute of Mathematical Statistics",
title = "Generalized density clustering",
volume = "38",
year = "2010"
},

@article{garciatrillos2020,
  title={Error estimates for spectral convergence of the graph Laplacian on random geometric graphs toward the Laplace--Beltrami operator},
  author={Garc\'{\i}a Trillos, Nicol{\'a}s and Gerlach, Moritz and Hein, Matthias and Slep{\v{c}}ev, Dejan},
  journal={Foundations of Computational Mathematics},
  volume={20},
  number={4},
  pages={827--887},
  year={2020},
  publisher={Springer}
},

@article{yuan2020,
  title={A continuum limit for the PageRank algorithm},
  author={Yuan, Amber and Calder, Jeff and Osting, Braxton},
  journal={arXiv preprint arXiv:2001.08973},
  year={2020}
},

@article{singer2017,
  title={Spectral convergence of the connection laplacian from random samples},
  author={Singer, Amit and Wu, Hau-Tieng},
  journal={Information and Inference: A Journal of the IMA},
  volume={6},
  number={1},
  pages={58--123},
  year={2017},
  publisher={Oxford University Press}
},

@article{shi2015,
  title={Convergence of laplacian spectra from random samples},
  author={Shi, Zuoqiang},
  journal={arXiv preprint arXiv:1507.00151},
  year={2015}
},

@article{calder2019,
  title={Improved spectral convergence rates for graph Laplacians on epsilon-graphs and k-NN graphs},
  author={Calder, Jeff and Garc\'{\i}a Trillos, Nicolas},
  journal={arXiv preprint arXiv:1910.13476},
  year={2019}
},

@misc{dunson2020,
      title={Spectral Convergence of Graph Laplacian and Heat Kernel Reconstruction in $L^\infty$ from Random Samples}, 
      author={David B Dunson and Hau-Tieng Wu and Nan Wu},
      year={2020},
      journal={arXiv preprint 1912.05680},
},

@article{calder2020,
  title={Lipschitz regularity of graph Laplacians on random data clouds},
  author={Calder, Jeff and Garcia Trillos, Nicolas and Lewicka, Marta},
  journal={arXiv preprint arXiv:2007.06679},
  year={2020}
},

@article{belkin2002,
  title={Using manifold stucture for partially labeled classification},
  author={Belkin, Mikhail and Niyogi, Partha},
  journal={Advances in neural information processing systems},
  volume={15},
  pages={953--960},
  year={2002}
},

@book{chung1997,
  title={Spectral graph theory},
  author={Chung, Fan RK},
  number={92},
  year={1997},
  publisher={American Mathematical Soc.}
},

@article{pelletier2011,
  author  = {Bruno Pelletier and Pierre Pudlo},
  title   = {Operator Norm Convergence of Spectral Clustering on Level Sets},
  journal = {Journal of Machine Learning Research},
  year    = {2011},
  volume  = {12},
  number  = {12},
  pages   = {385-416}
},

@article{arias-castro2009,
  title={Clustering based on pairwise distances when the data is of mixed dimensions},
  author={Arias-Castro, Ery},
  journal={arXiv preprint arXiv:0909.2353},
  year={2009}
},

@article{little2020,
  title={Path-Based Spectral Clustering: Guarantees, Robustness to Outliers, and Fast Algorithms.},
  author={Little, Anna V and Maggioni, Mauro and Murphy, James M},
  journal={Journal of Machine Learning Research},
  volume={21},
  number={6},
  pages={1--66},
  year={2020}
}, 

@book{hartigan1975,
  title={Clustering algorithms},
  author={Hartigan, John A},
  year={1975},
  publisher={John Wiley \& Sons, Inc.}
}

