@article{diaconis08,
  title={Horseshoes in multidimensional scaling and local kernel methods},
  author={Diaconis, Persi and Goel, Sharad and Holmes, Susan and others},
  journal={The Annals of Applied Statistics},
  volume={2},
  number={3},
  pages={777--807},
  year={2008},
  publisher={Institute of Mathematical Statistics}
}